@misc{gplv3,
    author       = {Free Software Foundation},
    title        = {{GNU} {G}eneral {P}ublic {L}icense},
    version      = {3},
	howpublished = {\url{http://www.gnu.org/licenses/gpl.html}},
    shorthand    = {GPL},
}

@book{accelerate,
	author       = {Nicole Forsgren, Jez Humble and Gene Kim},
	title        = {{Accelerate: Building and Scaling High Performing Technology Organizations}},
	publisher    = {IT Revolution Press},
	year         = {2018},
}

@misc{EliteDevOps,
  author       = {Dina Graves Portman},
  howpublished = {\url{https://cloud.google.com/blog/products/devops-sre/using-the-four-keys-to-measure-your-devops-performance}},
  title        = {{Are you an Elite DevOps performer? Find out with the Four Keys Project}},
  year         = {2020},
}

@misc{minimumViableCD,
  author       = {Bryan Finster},
  title        = {{Minimum Viable CD}},
  howpublished = {\url{https://minimumcd.org/minimumcd/}},
  note         = {Consultado el 19 de junio del 2024},
}

@book{ModernSoftwareEngineering,
  author       = {Dave Farley},
  title        = {{Modern Software Engineering: Doing What Works to Build Better Software Faster}},
  year         = 2021,
  publisher    = {{Addison-Wesley Professional}},
}

@book{ContinuousDelivery,
  author       = {Jez Humble and Dave Farley},
  title        = {{Continuous Delivery: Reliable Software Releases through Build, Test, and Deployment Automation}},
  year         = 2010,
  publisher    = {{Addison-Wesley Signature Series (Fowler)}},
}

@book{TDD,
  author       = {Kent Beck},
  title        = {{Test Driven Development: By Example}},
  year         = 2002,
  publisher    = {{Addison-Wesley Professional}},
}

@misc{INEdistribucionDeLaSuperficiePorTamaño,
  author       = {Instituto Nacional de Estadística},
  title        = {{C** Distribución general de la SAU por tamaño de la explotación según SAU. Censo Agrario. (2020)}},
  howpublished = {\url{https://www.ine.es/jaxi/Tabla.htm?tpx=51128&L=0}},
}

@misc{INEsuperficiePorPersonalidadJuridica,
  author       = {Instituto Nacional de Estadística},
  title        = {{C** Distribución general de la superficie total (ST) por personalidad jurídica del titular. Censo Agrario. (2020)}},
  howpublished = {\url{https://www.ine.es/jaxi/Tabla.htm?tpx=51127&L=0}},
}

@misc{INEpanoramicaCensoAgrario,
  author       = {Instituto Nacional de Estadística},
  title        = {Panorámica del Censo Agrario. (2020)},
  howpublished = {\url{https://storymaps.arcgis.com/stories/6fa8c26ecbde4fd99a0446e874c64898}},
}

@misc{Mecaolivar,
  author       = {{J.A. Gil, G.L. Blanco, S. Castro, R.R. Sola, J.T. Colmenero, F. Castillo, S. Bayano, D. Ceular, J.I. Gil G.I.}},
  title        = {Mecanización de la recolección del olivar: desde la investigación hasta la industria. AGR 126 'Mecanización y Tecnología Rural'.},
  year         = 2017,
  publisher    = {E.T.S.I. Agronómica y de Montes. Universidad de Córdoba.},
  howpublished = {\url{https://www.interempresas.net/Grandes-cultivos/Articulos/184449-Mecanizacion-de-la-recoleccion-del-olivar-desde-la-investigacion-hasta-la-industria.html}}
}

@misc{agplv3,
	author       = {Free Software Foundation},
	title        = {{GNU} {A}ffero {G}eneral {P}ublic {L}icense},
	version      = {3},
	howpublished = {\url{http://www.gnu.org/licenses/agpl.html}},
	shorthand    = {AGPL},
}

@book{TeoríaDelCierreCategorial,
  author       = {Gustavo Bueno},
  title        = {{Teoría del Cierre Categorial. Introducción general, siete enfoques en el estudio de la ciencia}},
  publisher    = {Pentalfa},
  year         = 1992,
  address      = {Oviedo}
}

@article{MetodoUNAM,
  author          = {{Rina Marissa Aguilera Hintelholher}},
  journal         = {{Estudios políticos (México)}},
  number          = {28},
  title           = {{Identidad y diferenciación entre Método y Metodología}},
  year            = {2013}
}

@book{RAE_DLE,
  author          = {{REAL ACADEMIA ESPAÑOLA}},
  title           = {{Diccionario de la lengua española}},
  year            = {2023},
  edition         = {{23.ª}},
  note            = {\url{https://dle.rae.es}},
}

@misc{HistoriaManifiestoAgilJim,
  author         = {{Jim Highsmith}},
  title          = {{History: The Agile Manifesto}},
  year           = {2001},
  howpublished   = {\url{https://agilemanifesto.org/history.html}},
  note           = {Consultado el 4 de agosto del 2024},
}

@misc{ManifiestoAgil,
  author         = {{Agile Alliance}},
  title          = {{Manifesto for Agile Software Development}},
  year           = {2001},
  howpublished   = {\url{https://agilemanifesto.org/}},
  note           = {Consultado el 4 de agosto del 2024},
}

@book{AgileBackToBasics,
  author         = {{Robert C. Martin}},
  publisher      = {{Pearson}},
  title          = {{Clean Agile: Back to Basics}},
  year           = {2019},
}

@book{CleanCode,
  author         = {{Robert C. Martin}},
  publisher      = {{Pearson}},
  title          = {{Clean Code: A Handbook of Agile Software Craftsmanships}},
  year           = {2008},
}

@book{ProGIT,
  author         = {{Scott Chacon y Ben Straub}},
  publisher      = {{Apress}},
  title          = {{Pro GIT}},
  year           = {2021},
  edition        = {Second},
  note           = {\url{https://git-scm.com/book/en/v2}},
}

@misc{SemVer,
  author         = {{Tom Preston-Werner}},
  title          = {{Semantic Versioning 2.0.0}},
  howpublished   = {\url{https://semver.org}},
  note           = {Consultado el 6 de agosto del 2024},
}

@misc{gdpr,
	author       = {European Union}, 
	title        = {General Data Protection Regulation},
	howpublished = {\url{https://eur-lex.europa.eu/legal-content/EN/TXT/HTML/?uri=OJ:L:2016:119:FULL&from=EN}}
}

@book{CodeComplete2,
  author         = {{Steve McConnell}},
  publisher      = {{Microsoft Press}},
  title          = {{Code Complete, Second Edition: A Practical Handbook of Software Construction}},
  year           = {2004},
  edition        = {Second},
}

@book{Stroganoff,
  author         = {{Stroustrup Bjarne}},
  publisher      = {{Addison Wesley}},
  title          = {{Programming: Principles and Practice Using C++}},
  year           = {2014},
  edition        = {Second},
}

@misc{Plan9,
  author       = {Plan 9 Foundation}, 
	title        = {Plan 9 Foundation Home Page},
	howpublished = {\url{http://p9f.org}}
}
